@article{datacem,
	author = "Jakob Harden",
	journal = "TU GRAZ Repository, Bibliothek und Archiv",
	year = 2023,
	title = "Ultrasonic Pulse Transmission Tests: Datasets - Test Series 1, Cement Paste at Early Stages",
	doi = {10.3217/bhs4g-m3z76},
	url = {https://doi.org/10.3217/bhs4g-m3z76}
}
